<record xmlns="http://www.loc.gov/MARC21/slim" xmlns:xsi="http://www.w3.org/2001/XMLSchema-instance" xsi:schemaLocation="http://www.loc.gov/MARC21/slim http://www.loc.gov/standards/marcxml/schema/MARC21slim.xsd">

  <leader>01362nab a2200169   4500</leader>
  <controlfield tag="005">20160331141947.0</controlfield>
  <controlfield tag="008">160126b           f|||| |||| 00| 0 spa d</controlfield>
  <datafield tag="090" ind1=" " ind2=" ">
    <subfield code="a">REVIS 06.02.01</subfield>
  </datafield>
  <datafield ind1="1" ind2=" " tag="100">
    <subfield code="9">1311</subfield>
    <subfield code="a">Rodríguez Gómez, Juana María</subfield>
  </datafield>
  <datafield tag="245" ind2="0" ind1="1">
    <subfield code="a">Cambios metodológicos relacionados con el aprendizaje de las ciencias /</subfield>
    <subfield code="c">Juana María Rodríguez Gómez</subfield>
  </datafield>
  <datafield ind1=" " ind2=" " tag="260">
    <subfield code="a">San José, Costa Rica : </subfield>
    <subfield code="b">Editorial Universidad de Costa Rica,</subfield>
    <subfield code="c">2009</subfield>
  </datafield>
  <datafield ind2=" " ind1=" " tag="300">
    <subfield code="a">páginas 61-73</subfield>
  </datafield>
  <datafield ind2=" " ind1=" " tag="520">
    <subfield code="a">Diferentes programas que analizan la enseñanza de las ciencias como la Biología, la Química, la Física o las Matemáticas buscan explicar el bajo interés del estudiantado por esas materias. Una explicación de este fenómeno es el procedimiento metodológico que utiliza el profesorado para enseñar esas disciplinas. En este artículo, se propone que el aprendizaje significativo y la promoción de determinadas actitudes basadas en el diálogo, la discusión, la participación y la cooperación, son metodologías de enseñanza que superan el conjunto de creencias erróneas en torno a la enseñanza y el estudio de las ciencias y el conocimiento científico</subfield>
  </datafield>
  <datafield ind1="1" ind2="4" tag="650">
    <subfield code="9">1</subfield>
    <subfield code="a">EDUCACIÓN</subfield>
  </datafield>
  <datafield ind1="0" ind2=" " tag="773">
    <subfield code="d">San José, Costa Rica : Editorial de la Universidad de Costa Rica, 1997-</subfield>
    <subfield code="o">R0311</subfield>
    <subfield code="t">EDUCACIÓN: Revista de la Universidad de Costa Rica</subfield>
    <subfield code="g">Vol.33, no.1 (2009)</subfield>
  </datafield>
  <datafield tag="942" ind2=" " ind1=" ">
    <subfield code="2">z</subfield>
    <subfield code="c">10</subfield>
  </datafield>
  <datafield ind2=" " ind1=" " tag="999">
    <subfield code="c">3026</subfield>
    <subfield code="d">3026</subfield>
  </datafield>
</record>